<?xml version="1.0" encoding="UTF-8"?><collection xmlns="http://www.loc.gov/MARC21/slim"><record><leader>00364nam--2200145-i-4500</leader><controlfield tag="001">000015935</controlfield><controlfield tag="002">20161230</controlfield><controlfield tag="005">20161230201031</controlfield><controlfield tag="008">060222s1000------------r-----000-0-eng-d</controlfield><datafield ind1=" " ind2=" " tag="100"><subfield code="a">Sommers, P</subfield></datafield><datafield ind1=" " ind2=" " tag="245"><subfield code="a">Casti, jhon /s.a.</subfield></datafield><datafield ind1=" " ind2=" " tag="260"><subfield code="a">Complexity, Language And Life: Mathematical Approaches</subfield></datafield><datafield ind1=" " ind2=" " tag="490"><subfield code="a">Biomathematics</subfield></datafield><datafield ind1=" " ind2=" " tag="700"><subfield code="a">Lerner, D</subfield></datafield><datafield ind1=" " ind2=" " tag="852"><subfield code="a">51:007:57</subfield></datafield></record></collection>